<?xml version="1.0" encoding="UTF-8"?><collection xmlns="http://www.loc.gov/MARC21/slim"><record><leader>00468nam--2200181-u-4500</leader><controlfield tag="001">000054271</controlfield><controlfield tag="002">20161230</controlfield><controlfield tag="005">20161230201051</controlfield><controlfield tag="008">111102s1000------------r-----000-0-rus-d</controlfield><datafield ind1=" " ind2=" " tag="040"><subfield code="a">IFIN-HH</subfield></datafield><datafield ind1=" " ind2=" " tag="041"><subfield code="a">rus</subfield></datafield><datafield ind1=" " ind2=" " tag="080"><subfield code="a">537.222.22:538.9</subfield></datafield><datafield ind1="1" ind2=" " tag="100"><subfield code="a">Anselm, A.I</subfield></datafield><datafield ind1="1" ind2="0" tag="245"><subfield code="a">Vvedenie v teoriyu poluprovodnikov</subfield><subfield code="c">A.i. anselm</subfield></datafield><datafield ind1=" " ind2=" " tag="260"><subfield code="a">Moskva</subfield><subfield code="b">Fiziko-teoreticeskoi Literaturi</subfield><subfield code="c">1962</subfield></datafield><datafield ind1=" " ind2=" " tag="300"><subfield code="a">418P</subfield></datafield><datafield ind1=" " ind2=" " tag="852"><subfield code="a">8633</subfield><subfield code="c">539.12</subfield></datafield><datafield ind1=" " ind2=" " tag="CAT"><subfield code="a">Sys</subfield><subfield code="c">20111102</subfield><subfield code="h">084324</subfield></datafield></record></collection>